@ARTICLE{simard2011,
   author = {{Simard}, L. and {Mendel}, J.~T. and {Patton}, D.~R. and {Ellison}, S.~L. and 
	{McConnachie}, A.~W.},
    title = {},
  journal = {ApJS},
     year = 2011,
   volume = 196,
    pages = 11,
}

@ARTICLE{anderson1952,
   author = {{Anderson}, T.~W. and {Darling}, D.~A.},
   title = {},
   journal = {The Annals of Mathematical Statistics},
   year = 1952,
   volume = 23,
   pages = 193,
}

@ARTICLE{hartigan1985,
   author = {{Hartigan}, J.~A. and {Hartigan}, P.~M.},
   title = {},
   journal = {The Annals of Statistics},
   year = 1985,
   volume = 13,
   pages = 70,
}

@ARTICLE{ribeiro2013,
   author = {{Ribeiro}, A.~L.~B. and {de Carvalho}, R.~R. and {Trevisan}, M. and 
	{Capelato}, H.~V. and {La Barbera}, F. and {Lopes}, P.~A.~A. and 
	{Schilling}, A.~C.},
    title = {},
  journal = {MNRAS},
     year = 2013,
   volume = 434,
    pages = 784,
}

@ARTICLE{hou2009,
   author = {{Hou}, A. and {Parker}, L.~C. and {Harris}, W.~E. and {Wilman}, D.~J.
	},
    title = {},
  journal = {ApJ},
     year = 2009,
   volume = 702,
    pages = 1199,
}

@ARTICLE{hou2013,
   author = {{Hou}, A. and {Parker}, L.~C. and {Balogh}, M.~L. and {McGee}, S.~L. and 
	{Wilman}, D.~J. and {Connelly}, J.~L. and {Harris}, W.~E. and 
	{Mok}, A. and {Mulchaey}, J.~S. and {Bower}, R.~G. and {Finoguenov}, A.
	},
    title = {},
  journal = {MNRAS},
     year = 2013,
   volume = 435,
    pages = 1715,
}

@ARTICLE{yang2007,
   author = {{Yang}, X. and {Mo}, H.~J. and {van den Bosch}, F.~C. and {Pasquali}, A. and 
	{Li}, C. and {Barden}, M.},
    title = {},
  journal = {ApJ},
     year = 2007,
   volume = 671,
    pages = 153,
}

@ARTICLE{yang2005,
   author = {{Yang}, X. and {Mo}, H.~J. and {van den Bosch}, F.~C. and {Jing}, Y.~P.
	},
    title = {},
  journal = {MNRAS},
     year = 2005,
   volume = 356,
    pages = 1293,
}

@ARTICLE{blanton2005,
   author = {{Blanton}, M.~R. and {Schlegel}, D.~J. and {Strauss}, M.~A. and 
	{Brinkmann}, J. and {Finkbeiner}, D. and {Fukugita}, M. and 
	{Gunn}, J.~E. and {Hogg}, D.~W. and {Ivezi{\'c}}, {\v Z}. and 
	{Knapp}, G.~R. and {Lupton}, R.~H. and {Munn}, J.~A. and {Schneider}, D.~P. and 
	{Tegmark}, M. and {Zehavi}, I.},
    title = {},
  journal = {AJ},
     year = 2005,
   volume = 129,
    pages = 2562,
}

@ARTICLE{abazajian2009,
   author = {{Abazajian}, K.~N. and {Adelman-McCarthy}, J.~K. and {Ag{\"u}eros}, M.~A. and 
	{Allam}, S.~S. and {Allende Prieto}, C. and {An}, D. and {Anderson}, K.~S.~J. and 
	{Anderson}, S.~F. and {Annis}, J. and {Bahcall}, N.~A. and et al.},
    title = {},
  journal = {ApJS},
     year = 2009,
   volume = 182,
    pages = 543,
}

@ARTICLE{huchra1982,
   author = {{Huchra}, J.~P. and {Geller}, M.~J.},
    title = {},
  journal = {ApJ},
     year = 1982,
   volume = 257,
    pages = 423,
}

@ARTICLE{navarro1997,
   author = {{Navarro}, J.~F. and {Frenk}, C.~S. and {White}, S.~D.~M.},
    title = {},
  journal = {ApJ},
     year = 1997,
   volume = 490,
    pages = 493,
}